<collection xmlns="http://www.loc.gov/MARC21/slim">
<record>
  <leader>01724nam0a2200337 i 450 </leader>
  <controlfield tag="001">IT\ICCU\CNCE\018119</controlfield>
  <controlfield tag="005">20061212000000.0</controlfield>
  <datafield tag="012" ind1=" " ind2=" ">
    <subfield code="a">mor- doe, vn,&amp; heer (C) 1599 (A)</subfield>
    <subfield code="2">fei</subfield>
  </datafield>
  <datafield tag="100" ind1=" " ind2=" ">
    <subfield code="a">19970101d1599        0itac0103    ba</subfield>
  </datafield>
  <datafield tag="101" ind1=" " ind2=" ">
    <subfield code="a">ITA</subfield>
  </datafield>
  <datafield tag="102" ind1=" " ind2=" ">
    <subfield code="a">IT</subfield>
  </datafield>
  <datafield tag="200" ind1="1" ind2=" ">
    <subfield code="a">Entrata reale fatta in Milano dalla serenissima regina, d. Margarita d&apos;Austria, sposata al potentiss. re di Spagna Filippo III</subfield>
  </datafield>
  <datafield tag="210" ind1=" " ind2=" ">
    <subfield code="a">In Milano et poi in Cremona</subfield>
    <subfield code="c">per Barucino de Giouanni</subfield>
    <subfield code="d">1599</subfield>
  </datafield>
  <datafield tag="215" ind1=" " ind2=" ">
    <subfield code="a">\4! c.</subfield>
    <subfield code="d">4ʻ</subfield>
  </datafield>
  <datafield tag="620" ind1=" " ind2=" ">
    <subfield code="a">IT</subfield>
    <subfield code="d">Cremona</subfield>
  </datafield>
  <datafield tag="712" ind1="0" ind2="0">
    <subfield code="a">Zanni, Barucino</subfield>
    <subfield code="3">IT\ICCU\CNCT\000799</subfield>
    <subfield code="4">650</subfield>
  </datafield>
  <datafield tag="791" ind1="0" ind2="2">
    <subfield code="a">Barucino di Giovanni</subfield>
    <subfield code="3">IT\ICCU\CNCT\002710</subfield>
    <subfield code="z">Zanni, Barucino</subfield>
  </datafield>
  <datafield tag="791" ind1="0" ind2="0">
    <subfield code="a">Giovanni, Barucino di</subfield>
    <subfield code="3">IT\ICCU\CNCT\002719</subfield>
    <subfield code="z">Zanni, Barucino</subfield>
  </datafield>
  <datafield tag="791" ind1="0" ind2="0">
    <subfield code="a">Zannius, Barucinus</subfield>
    <subfield code="3">IT\ICCU\CNCT\005811</subfield>
    <subfield code="z">Zanni, Barucino</subfield>
  </datafield>
  <datafield tag="791" ind1="0" ind2="0">
    <subfield code="a">Giovannis, Barucinus de</subfield>
    <subfield code="3">IT\ICCU\CNCT\005812</subfield>
    <subfield code="z">Zanni, Barucino</subfield>
  </datafield>
  <datafield tag="791" ind1="0" ind2="0">
    <subfield code="a">Zannis, Barucinus de</subfield>
    <subfield code="3">IT\ICCU\CNCT\005813</subfield>
    <subfield code="z">Zanni, Barucino</subfield>
  </datafield>
  <datafield tag="791" ind1="0" ind2="0">
    <subfield code="a">Zani, Barucino di</subfield>
    <subfield code="3">IT\ICCU\CNCT\005814</subfield>
    <subfield code="z">Zanni, Barucino</subfield>
  </datafield>
  <datafield tag="801" ind1=" " ind2="3">
    <subfield code="a">IT</subfield>
    <subfield code="b">ICCU</subfield>
    <subfield code="c">20201114</subfield>
  </datafield>
  <datafield tag="899" ind1=" " ind2=" ">
    <subfield code="a">Biblioteca civica A. Mai. Bergamo</subfield>
    <subfield code="1">BG0026</subfield>
    <subfield code="2">LO1 02</subfield>
  </datafield>
  <datafield tag="899" ind1=" " ind2=" ">
    <subfield code="a">Biblioteca statale. Cremona</subfield>
    <subfield code="1">CR0062</subfield>
    <subfield code="2">LO1 28</subfield>
  </datafield>
  <datafield tag="899" ind1=" " ind2=" ">
    <subfield code="a">Biblioteca comunale Teresiana. Mantova</subfield>
    <subfield code="1">MN0035</subfield>
    <subfield code="2">LO1 12</subfield>
  </datafield>
  <datafield tag="899" ind1=" " ind2=" ">
    <subfield code="a">Biblioteca comunale Passerini Landi. Piacenza</subfield>
    <subfield code="1">PC0030</subfield>
    <subfield code="2">PIA PL</subfield>
  </datafield>
  <datafield tag="899" ind1=" " ind2=" ">
    <subfield code="a">Biblioteca universitaria. Padova</subfield>
    <subfield code="1">PD0158</subfield>
    <subfield code="2">PUV 00</subfield>
  </datafield>
  <datafield tag="899" ind1=" " ind2=" ">
    <subfield code="a">Biblioteca nazionale Marciana. Venezia</subfield>
    <subfield code="1">VE0049</subfield>
    <subfield code="2">VEA BM</subfield>
  </datafield>
  <datafield tag="911" ind1=" " ind2=" ">
    <subfield code="a">sul front.</subfield>
    <subfield code="9">IT\ICCU\CNCM\000489</subfield>
  </datafield>
  <datafield tag="921" ind1=" " ind2=" ">
    <subfield code="a">IT\ICCU\CNCM\000489</subfield>
    <subfield code="b">Speranza (donna in piedi tiene con la mano destra un&apos;ancora). In basso le iniziali B.Z.</subfield>
    <subfield code="e">Spero in deo</subfield>
    <subfield code="c">V42</subfield>
    <subfield code="d">Dimensioni: 5,5 x 6</subfield>
    <subfield code="f">ANCORA</subfield>
    <subfield code="f">BZ</subfield>
    <subfield code="f">MANO</subfield>
    <subfield code="f">SPERANZA</subfield>
    <subfield code="f">SPEROINDEO</subfield>
    <subfield code="g">1594-1599</subfield>
  </datafield>
</record>
</collection>
